@Article{RLCOMP,
  author =       "Albert Einstein",
  title =        "{Zur Elektrodynamik bewegter K{\"o}rper}. ({German})
                 [{On} the electrodynamics of moving bodies]",
  journal =      "Annalen der Physik",
  volume =       "322",
  number =       "10",
  pages =        "891--921",
  year =         "1905",
  DOI =          "http://dx.doi.org/10.1002/andp.19053221004"
} 
@article{rl-glue,
	Author = {Brian Tanner and Adam White},
	Date-Added = {2009-05-06 22:44:59 -0600},
	Date-Modified = {2009-10-06 13:44:04 -0600},
	Journal = {Journal of Machine Learning Research},
	Month = {September},
	Pages = {2133--2136},
	Title = {{RL}-{G}lue : Language-Independent Software for Reinforcement-Learning Experiments},
	Volume = {10},
	Year = {2009}}

@book{Sutton:1998:IRL:551283,
author = {Sutton, Richard S. and Barto, Andrew G.},
title = {Introduction to Reinforcement Learning},
year = {1998},
isbn = {0262193981},
edition = {1st},
publisher = {MIT Press},
address = {Cambridge, MA, USA},
} 

@inproceedings{DBLP:journals/jmlr/GarivierC11,
  author    = {Aur{\'e}lien Garivier and
               Olivier Capp{\'e}},
  title     = {The KL-UCB Algorithm for Bounded Stochastic Bandits and
               Beyond},
  booktitle = {COLT},
  year      = {2011},
  pages     = {359-376},
  ee        = {http://www.jmlr.org/proceedings/papers/v19/garivier11a/garivier11a.pdf},
  crossref  = {DBLP:conf/colt/2011},
  bibsource = {DBLP, http://dblp.uni-trier.de}
}